<record><leader>00000cas a22000007a 4500</leader><controlfield tag="001">13147968</controlfield><controlfield tag="008">860213d19091923iduwr ne      0    0eng d</controlfield><datafield ind1=" " ind2=" " tag="010"><subfield code="a">sn 86091152 </subfield></datafield><datafield ind1=" " ind2=" " tag="040"><subfield code="a">UNP</subfield><subfield code="b">eng</subfield><subfield code="c">UNP</subfield><subfield code="d">NVB</subfield><subfield code="d">OCLCQ</subfield><subfield code="d">OCLCF</subfield><subfield code="d">OCLCO</subfield></datafield><datafield ind1="1" ind2=" " tag="029"><subfield code="a">AU@</subfield><subfield code="b">000025796445</subfield></datafield><datafield ind1=" " ind2=" " tag="042"><subfield code="a">msc</subfield></datafield><datafield ind1=" " ind2=" " tag="043"><subfield code="a">n-us-id</subfield></datafield><datafield ind1=" " ind2="4" tag="050"><subfield code="a">AN2.I2</subfield><subfield code="b">M52</subfield></datafield><datafield ind1="0" ind2="4" tag="245"><subfield code="a">The Midvale reporter.</subfield></datafield><datafield ind1=" " ind2=" " tag="260"><subfield code="a">Midvale, Idaho :</subfield><subfield code="b">J.S. Harris &amp; F.E. Trotter</subfield></datafield><datafield ind1=" " ind2=" " tag="300"><subfield code="a">v. :</subfield><subfield code="b">ill.</subfield></datafield><datafield ind1=" " ind2=" " tag="310"><subfield code="a">Weekly</subfield></datafield><datafield ind1="1" ind2=" " tag="362"><subfield code="a">Began in Mar. 1909; ceased in Nov. 1923.</subfield></datafield><datafield ind1=" " ind2=" " tag="588"><subfield code="a">Description based on: Vol. 4, no. 1 (Mar. 7, 1912).</subfield></datafield><datafield ind1=" " ind2="0" tag="651"><subfield code="a">Midvale (Idaho)</subfield><subfield code="v">Newspapers.</subfield></datafield><datafield ind1=" " ind2="7" tag="655"><subfield code="a">Newspapers.</subfield><subfield code="2">fast</subfield><subfield code="0">(OCoLC)fst01423814</subfield></datafield><datafield ind1=" " ind2="7" tag="651"><subfield code="a">Idaho</subfield><subfield code="z">Midvale.</subfield><subfield code="2">fast</subfield><subfield code="0">(OCoLC)fst01291205</subfield></datafield><datafield ind1=" " ind2=" " tag="752"><subfield code="a">United States</subfield><subfield code="b">Idaho</subfield><subfield code="c">Washington</subfield><subfield code="d">Midvale.</subfield></datafield><datafield ind1="0" ind2="7" tag="785"><subfield code="t">Cambridge news (Cambridge, Idaho)</subfield><subfield code="w">(DLC)sn 88056157</subfield></datafield><datafield ind1="0" ind2="7" tag="785"><subfield code="t">Upper county news-reporter</subfield><subfield code="w">(DLC)sn 88056141</subfield></datafield></record>